@book{van2013,
  title     = {Detection Estimation and Modulation Theory, Part I: Detection, Estimation, and Filtering Theory},
  author    = {Van Trees, H.L. and Bell, K.L. and Tian, Z.},
  isbn      = {9781118539705},
  lccn      = {2012036672},
  series    = {Detection Estimation and Modulation Theory},
  url       = {https://books.google.com/books?id=dnvaxqHDkbQC},
  year      = {2013},
  publisher = {Wiley}
}

@book{tpe,
  title     = {Theory of Point Estimation},
  author    = {Erich L. Lehmann and George Casella},
  publisher = {Springer-Verlag},
  year      = {1998},
  address   = {New York, NY, USA},
  edition   = {Second}
}

@article{vanTree1995,
  issn      = {13507265},
  url       = {http://www.jstor.org/stable/3318681},
  author    = {Richard D. Gill and Boris Y. Levit},
  journal   = {Bernoulli},
  number    = {1/2},
  pages     = {59--79},
  publisher = {International Statistical Institute (ISI) and Bernoulli Society for Mathematical Statistics and Probability},
  title     = {Applications of the van Trees Inequality: A Bayesian Cram√©r-Rao Bound},
  urldate   = {2023-10-07},
  volume    = {1},
  year      = {1995}
}

@book{prob-pollard,
  place      = {Cambridge},
  series     = {Cambridge Series in Statistical and Probabilistic Mathematics},
  title      = {A User's Guide to Measure Theoretic Probability},
  doi        = {10.1017/CBO9780511811555},
  publisher  = {Cambridge University Press},
  author     = {Pollard, David},
  year       = {2001},
  collection = {Cambridge Series in Statistical and Probabilistic Mathematics}
}

 @book{convex-boyd,
  place     = {Cambridge},
  title     = {Convex Optimization},
  doi       = {10.1017/CBO9780511804441},
  publisher = {Cambridge University Press},
  author    = {Boyd, Stephen and Vandenberghe, Lieven},
  year      = {2004}
}

@book{convex-nesterov,
  author    = {Nesterov, Yurii},
  title     = {Lectures on Convex Optimization},
  year      = {2018},
  isbn      = {3319915770},
  publisher = {Springer Publishing Company, Incorporated},
  edition   = {2nd}
}

@book{big-rudin,
  author    = {Rudin, Walter},
  title     = {Real and Complex Analysis, 3rd Ed.},
  year      = {1987},
  isbn      = {0070542341},
  publisher = {McGraw-Hill, Inc.},
  address   = {USA}
}